<record><leader>00000cas a2200000 a 4500</leader><controlfield tag="001">7102433</controlfield><controlfield tag="008">810204c19819999fluwr ne      0   a0eng d</controlfield><controlfield tag="009">467</controlfield><datafield ind1=" " ind2=" " tag="010"><subfield code="a">sn 81002855 </subfield></datafield><datafield ind1=" " ind2=" " tag="040"><subfield code="a">NSD</subfield><subfield code="b">eng</subfield><subfield code="c">NSD</subfield><subfield code="d">OCL</subfield><subfield code="d">OCLCQ</subfield></datafield><datafield ind1=" " ind2=" " tag="012"><subfield code="m">1</subfield></datafield><datafield ind1="1" ind2=" " tag="022"><subfield code="a">0279-5728</subfield><subfield code="l">0279-5728</subfield><subfield code="2">1</subfield></datafield><datafield ind1=" " ind2=" " tag="032"><subfield code="a">577010</subfield><subfield code="b">USPS</subfield></datafield><datafield ind1=" " ind2=" " tag="042"><subfield code="a">nsdp</subfield></datafield><datafield ind1=" " ind2="0" tag="222"><subfield code="a">Florida tourist news. Sarasota-Bradenton edition</subfield></datafield><datafield ind1="0" ind2="0" tag="245"><subfield code="a">Florida tourist news.</subfield></datafield><datafield ind1=" " ind2=" " tag="250"><subfield code="a">Sarasota-Bradenton ed.</subfield></datafield><datafield ind1=" " ind2=" " tag="260"><subfield code="a">[Bradenton, Fla. :</subfield><subfield code="b">FTN publications,</subfield><subfield code="c">1981-</subfield></datafield><datafield ind1=" " ind2=" " tag="310"><subfield code="a">Weekly</subfield></datafield><datafield ind1="0" ind2=" " tag="362"><subfield code="a">Vol. B-1, no. 1 (Jan. 11-17, 1981)-</subfield></datafield><datafield ind1=" " ind2=" " tag="500"><subfield code="a">Caption title.</subfield></datafield><datafield ind1=" " ind2=" " tag="515"><subfield code="a">Vol. B-1, no. 1 called premier issue.</subfield></datafield><datafield ind1=" " ind2=" " tag="936"><subfield code="a">Jan. 11-17, 1981</subfield></datafield></record>